<?xml version="1.0" encoding="UTF-8"?><record xmlns="http://www.loc.gov/MARC21/slim" xmlns:cinclude="http://apache.org/cocoon/include/1.0" xmlns:zs="http://www.loc.gov/zing/srw/">
  <leader>00438cz  a2200145n  4500</leader>
  <controlfield tag="001">no2011136241</controlfield>
  <controlfield tag="003">DLC</controlfield>
  <controlfield tag="005">20110923075134.0</controlfield>
  <controlfield tag="008">110831n| acannaabn          |n aaa     c</controlfield>
  <datafield tag="010" ind1=" " ind2=" ">
    <subfield code="a">no2011136241</subfield>
  </datafield>
  <datafield tag="035" ind1=" " ind2=" ">
    <subfield code="a">(OCoLC)oca08962513</subfield>
  </datafield>
  <datafield tag="053" ind1=" " ind2="0">
    <subfield code="a">PQ2702.O972</subfield>
  </datafield>
  <datafield tag="040" ind1=" " ind2=" ">
    <subfield code="a">NjP</subfield>
    <subfield code="b">eng</subfield>
    <subfield code="c">NjP</subfield>
  </datafield>
  <datafield tag="100" ind1="1" ind2=" ">
    <subfield code="a">Bourguignon, Yves,</subfield>
    <subfield code="d">1949-</subfield>
  </datafield>
  <datafield tag="670" ind1=" " ind2=" ">
    <subfield code="a">Le baiser afghan, 2011:</subfield>
    <subfield code="b">t.p. (Yves Bourguignon) cover p. 4 (b. 1949 in Saint-Sulpice de Ruffec in Charente)</subfield>
  </datafield>
</record>